
@inproceedings{Anon2011,
author = {Undisclosed},
title = {{Name withheld for double blind review}},
year = {In press},
}

@inproceedings{video,
author = {Teichman, Alex and Thrun, Sebastian},
year = {2011},
title = {{Video output of object recognition}},
url = {http://cs.stanford.edu/people/teichman/rss2011.html},
}

@inproceedings{Teichman2011,
author = {Teichman, Alex and Levinson, Jesse and Thrun, Sebastian},
booktitle = {International Conference on Robotics and Automation},
title = {\href{http://cs.stanford.edu/people/teichman/papers/icra2011.pdf}{Towards 3D Object Recognition via Classification of Arbitrary Object Tracks}},
year = {2011}
}

@MISC{StanfordTrackCollection,
author = {Teichman, Alex and Levinson, Jesse and Thrun, Sebastian},
title = {\href{http://cs.stanford.edu/people/teichman/stc}{The {S}tanford {T}rack {C}ollection}},
URL = {http://cs.stanford.edu/people/teichman/stc},
year = {2011}
}
