/home/teichman/.mendeley/paper_refs-ICRA2012.bib